
@article{Karbyshev:2017:PIU:3065931.3022187,
 author = {Karbyshev, Aleksandr and Bj{\o}rner, Nikolaj and Itzhaky, Shachar and Rinetzky, Noam and Shoham, Sharon},
 title = {Property-Directed Inference of Universal Invariants or Proving Their Absence},
 journal = {J. ACM},
 issue_date = {March 2017},
 volume = {64},
 number = {1},
 month = mar,
 year = {2017},
 issn = {0004-5411},
 pages = {7:1--7:33},
 articleno = {7},
 numpages = {33},
 url = {http://doi.acm.org/10.1145/3022187},
 doi = {10.1145/3022187},
 acmid = {3022187},
 publisher = {ACM},
 address = {New York, NY, USA},
 keywords = {EPR, IC3, PDR, Universal invariants, property-directed reachability},
}

@inproceedings{Padon:2016:DII:2837614.2837640,
 author = {Padon, Oded and Immerman, Neil and Shoham, Sharon and Karbyshev, Aleksandr and Sagiv, Mooly},
 title = {Decidability of Inferring Inductive Invariants},
 booktitle = {Proceedings of the 43rd Annual ACM SIGPLAN-SIGACT Symposium on Principles of Programming Languages},
 series = {POPL '16},
 year = {2016},
 isbn = {978-1-4503-3549-2},
 location = {St. Petersburg, FL, USA},
 pages = {217--231},
 numpages = {15},
 url = {http://doi.acm.org/10.1145/2837614.2837640},
 doi = {10.1145/2837614.2837640},
 acmid = {2837640},
 publisher = {ACM},
 address = {New York, NY, USA},
 keywords = {effectively propositional logic, invariant inference, verification, well-quasi-order},
} 

@article{Padon:2016:DII:2914770.2837640,
 author = {Padon, Oded and Immerman, Neil and Shoham, Sharon and Karbyshev, Aleksandr and Sagiv, Mooly},
 title = {Decidability of Inferring Inductive Invariants},
 journal = {SIGPLAN Not.},
 issue_date = {January 2016},
 volume = {51},
 number = {1},
 month = jan,
 year = {2016},
 issn = {0362-1340},
 pages = {217--231},
 numpages = {15},
 url = {http://doi.acm.org/10.1145/2914770.2837640},
 doi = {10.1145/2914770.2837640},
 acmid = {2837640},
 publisher = {ACM},
 address = {New York, NY, USA},
 keywords = {effectively propositional logic, invariant inference, verification, well-quasi-order},
} 

@inproceedings{Padon:2016:ISV:2908080.2908118,
 author = {Padon, Oded and McMillan, Kenneth L. and Panda, Aurojit and Sagiv, Mooly and Shoham, Sharon},
 title = {Ivy: Safety Verification by Interactive Generalization},
 booktitle = {Proceedings of the 37th ACM SIGPLAN Conference on Programming Language Design and Implementation},
 series = {PLDI '16},
 year = {2016},
 isbn = {978-1-4503-4261-2},
 location = {Santa Barbara, CA, USA},
 pages = {614--630},
 numpages = {17},
 url = {http://doi.acm.org/10.1145/2908080.2908118},
 doi = {10.1145/2908080.2908118},
 acmid = {2908118},
 publisher = {ACM},
 address = {New York, NY, USA},
 keywords = {counterexamples to induction, distributed systems, invariant inference, safety verification},
} 

@article{Padon:2016:ISV:2980983.2908118,
 author = {Padon, Oded and McMillan, Kenneth L. and Panda, Aurojit and Sagiv, Mooly and Shoham, Sharon},
 title = {Ivy: Safety Verification by Interactive Generalization},
 journal = {SIGPLAN Not.},
 issue_date = {June 2016},
 volume = {51},
 number = {6},
 month = jun,
 year = {2016},
 issn = {0362-1340},
 pages = {614--630},
 numpages = {17},
 url = {http://doi.acm.org/10.1145/2980983.2908118},
 doi = {10.1145/2980983.2908118},
 acmid = {2908118},
 publisher = {ACM},
 address = {New York, NY, USA},
 keywords = {counterexamples to induction, distributed systems, invariant inference, safety verification},
} 

@inproceedings{Taube:2018:MDD:3192366.3192414,
 author = {Taube, Marcelo and Losa, Giuliano and McMillan, Kenneth L. and Padon, Oded and Sagiv, Mooly and Shoham, Sharon and Wilcox, James R. and Woos, Doug},
 title = {Modularity for Decidability of Deductive Verification with Applications to Distributed Systems},
 booktitle = {Proceedings of the 39th ACM SIGPLAN Conference on Programming Language Design and Implementation},
 series = {PLDI 2018},
 year = {2018},
 isbn = {978-1-4503-5698-5},
 location = {Philadelphia, PA, USA},
 pages = {662--677},
 numpages = {16},
 url = {http://doi.acm.org/10.1145/3192366.3192414},
 doi = {10.1145/3192366.3192414},
 acmid = {3192414},
 publisher = {ACM},
 address = {New York, NY, USA},
 keywords = {Decidable logic, Distributed systems, Formal verification, Ivy, Modularity, Paxos, Raft},
} 

@InProceedings{z3ref,
author={de Moura, Leonardo and Bj{\o}rner, Nikolaj},
editor={Ramakrishnan, C. R. and Rehof, Jakob},
title={Z3: An Efficient SMT Solver},
booktitle={Tools and Algorithms for the Construction and Analysis of Systems},
year={2008},
publisher={Springer Berlin Heidelberg},
address={Berlin, Heidelberg},
pages={337--340},
abstract={Satisfiability Modulo Theories (SMT) problem is a decision problem for logical first order formulas with respect to combinations of background theories such as: arithmetic, bit-vectors, arrays, and uninterpreted functions. Z3 is a new and efficient SMT Solver freely available from Microsoft Research. It is used in various software verification and analysis applications.},
isbn={978-3-540-78800-3}
}

@article{Padon:2017:PME:3152284.3140568,
 author = {Padon, Oded and Losa, Giuliano and Sagiv, Mooly and Shoham, Sharon},
 title = {Paxos Made EPR: Decidable Reasoning About Distributed Protocols},
 journal = {Proc. ACM Program. Lang.},
 issue_date = {October 2017},
 volume = {1},
 number = {OOPSLA},
 month = oct,
 year = {2017},
 issn = {2475-1421},
 pages = {108:1--108:31},
 articleno = {108},
 numpages = {31},
 url = {http://doi.acm.org/10.1145/3140568},
 doi = {10.1145/3140568},
 acmid = {3140568},
 publisher = {ACM},
 address = {New York, NY, USA},
 keywords = {Paxos, deductive verification, distributed systems, effectively propositional logic, inductive invariants, safety verification}
}

@article{Padon:2017:RLS:3177123.3158114,
 author = {Padon, Oded and Hoenicke, Jochen and Losa, Giuliano and Podelski, Andreas and Sagiv, Mooly and Shoham, Sharon},
 title = {Reducing Liveness to Safety in First-order Logic},
 journal = {Proc. ACM Program. Lang.},
 issue_date = {January 2018},
 volume = {2},
 number = {POPL},
 month = dec,
 year = {2017},
 issn = {2475-1421},
 pages = {26:1--26:33},
 articleno = {26},
 numpages = {33},
 url = {http://doi.acm.org/10.1145/3158114},
 doi = {10.1145/3158114},
 acmid = {3158114},
 publisher = {ACM},
 address = {New York, NY, USA},
 keywords = {Liveness-to-safety reduction, first-order temporal logic},
}
